<?xml version="1.0" encoding="UTF-8"?>
<record xmlns="http://www.loc.gov/MARC21/slim" xmlns:xsi="http://www.w3.org/2001/XMLSchema-instance" xsi:schemaLocation="http://www.loc.gov/MARC21/slim http://www.loc.gov/standards/marcxml/schema/MARC21slim.xsd">
<leader>00000cam a22      a 4500</leader>
<controlfield tag="001">001677619</controlfield>
<controlfield tag="003">NNU</controlfield>
<controlfield tag="005">20151013154205.0</controlfield>
<controlfield tag="008">951023s1938    ua            000 0 ara d</controlfield>
<datafield tag="035" ind1=" " ind2=" ">
<subfield code="a">(OCoLC)33825063</subfield>
</datafield>
<datafield tag="040" ind1=" " ind2=" ">
<subfield code="a">TEU</subfield>
<subfield code="b">eng</subfield>
<subfield code="c">TEU</subfield>
<subfield code="d">OCL</subfield>
<subfield code="d">OCLCQ</subfield>
<subfield code="d">OCLCG</subfield>
<subfield code="d">OKU</subfield>
<subfield code="d">OCLCA</subfield>
<subfield code="d">OCLCF</subfield>
<subfield code="d">OCLCQ</subfield>
<subfield code="d">NNU</subfield>
</datafield>
<datafield tag="043" ind1=" " ind2=" ">
<subfield code="a">aw-----</subfield>
<subfield code="a">ff-----</subfield>
<subfield code="a">e-sp---</subfield>
</datafield>
<datafield tag="050" ind1=" " ind2="4">
<subfield code="a">D17</subfield>
<subfield code="b">.M3 1938</subfield>
</datafield>
<datafield tag="100" ind1="0" ind2=" ">
<subfield code="6">880-01</subfield>
<subfield code="a">Masʻūdī,</subfield>
<subfield code="d">-956?</subfield>
</datafield>
<datafield tag="245" ind1="1" ind2="3">
<subfield code="6">880-02</subfield>
<subfield code="a">al-Tanbīh wa-al-ishrāf /</subfield>
<subfield code="c">li-Abī al-Ḥasan ʻAlī ibn al-Ḥusayn al-Masʻūdī ; ʻuniya bi-taṣḥīḥihi wa-murājaʻatihi ʻAbd Allāh Ismāʻīl al-Ṣāwī.</subfield>
</datafield>
<datafield tag="260" ind1=" " ind2=" ">
<subfield code="6">880-03</subfield>
<subfield code="a">al-Qāhirah :</subfield>
<subfield code="b">Dār al-Ṣāwī,</subfield>
<subfield code="c">1938.</subfield>
</datafield>
<datafield tag="300" ind1=" " ind2=" ">
<subfield code="a">15, 423 pages ;</subfield>
<subfield code="c">24 cm.</subfield>
</datafield>
<datafield tag="336" ind1=" " ind2=" ">
<subfield code="a">text</subfield>
<subfield code="b">txt</subfield>
<subfield code="2">rdacontent</subfield>
</datafield>
<datafield tag="337" ind1=" " ind2=" ">
<subfield code="a">unmediated</subfield>
<subfield code="b">n</subfield>
<subfield code="2">rdamedia</subfield>
</datafield>
<datafield tag="338" ind1=" " ind2=" ">
<subfield code="a">volume</subfield>
<subfield code="b">nc</subfield>
<subfield code="2">rdacarrier</subfield>
</datafield>
<datafield tag="490" ind1="1" ind2=" ">
<subfield code="6">880-04</subfield>
<subfield code="a">Maktabah al-tārīkhīyah</subfield>
</datafield>
<datafield tag="650" ind1=" " ind2="0">
<subfield code="a">World history</subfield>
<subfield code="v">Early works to 1800.</subfield>
</datafield>
<datafield tag="651" ind1=" " ind2="0">
<subfield code="a">Islamic Empire</subfield>
<subfield code="x">History.</subfield>
</datafield>
<datafield tag="650" ind1=" " ind2="0">
<subfield code="a">Geography, Arab.</subfield>
</datafield>
<datafield tag="650" ind1=" " ind2="7">
<subfield code="a">Geography, Arab.</subfield>
<subfield code="2">fast</subfield>
<subfield code="0">(OCoLC)fst00940571.</subfield>
</datafield>
<datafield tag="650" ind1=" " ind2="7">
<subfield code="a">World history.</subfield>
<subfield code="2">fast</subfield>
<subfield code="0">(OCoLC)fst01181345.</subfield>
</datafield>
<datafield tag="651" ind1=" " ind2="7">
<subfield code="a">Islamic Empire.</subfield>
<subfield code="2">fast</subfield>
<subfield code="0">(OCoLC)fst01244134.</subfield>
</datafield>
<datafield tag="655" ind1=" " ind2="7">
<subfield code="a">Early works.</subfield>
<subfield code="2">fast</subfield>
<subfield code="0">(OCoLC)fst01411636.</subfield>
</datafield>
<datafield tag="655" ind1=" " ind2="7">
<subfield code="a">History.</subfield>
<subfield code="2">fast</subfield>
<subfield code="0">(OCoLC)fst01411628.</subfield>
</datafield>
<datafield tag="700" ind1="1" ind2=" ">
<subfield code="6">880-05</subfield>
<subfield code="a">Ṣāwī, ʻAbd Allāh Ismāʻīl.</subfield>
</datafield>
<datafield tag="776" ind1="0" ind2="8">
<subfield code="i">Online version:</subfield>
<subfield code="a">Masʻūdī, -956?</subfield>
<subfield code="t">Tanbīh wa-al-ishrāf.</subfield>
<subfield code="d">al-Qāhirah : Dār al-Ṣāwī, 1357; 1938</subfield>
<subfield code="w">(OCoLC)692268252</subfield>
</datafield>
<datafield tag="880" ind1="0" ind2=" ">
<subfield code="6">100-01/</subfield>
<subfield code="a">مسعودي،</subfield>
<subfield code="d">-956?</subfield>
</datafield>
<datafield tag="880" ind1="1" ind2="2">
<subfield code="6">245-02/</subfield>
<subfield code="a">التنبيه والإشراف /</subfield>
<subfield code="c">لأبي الحسن علي بن الحسين المسعودي ؛ عني بتصحيحه ومراجعته عبد الله إسماعيل الصاوي.</subfield>
</datafield>
<datafield tag="880" ind1=" " ind2=" ">
<subfield code="6">260-03/</subfield>
<subfield code="a">القاهرة :</subfield>
<subfield code="b">دار الصاوي،</subfield>
<subfield code="c">1357 [1938]</subfield>
</datafield>
<datafield tag="880" ind1="1" ind2=" ">
<subfield code="6">490-04/</subfield>
<subfield code="a">مكتبة التاريخية</subfield>
</datafield>
<datafield tag="880" ind1="1" ind2=" ">
<subfield code="6">700-05/</subfield>
<subfield code="a">صاوي، عبد الله إسماعيل.</subfield>
</datafield>
<datafield tag="830" ind1=" " ind2="0">
<subfield code="6">880-06</subfield>
<subfield code="a">Maktabah al-tārīkhīyah.</subfield>
</datafield>
<datafield tag="880" ind1=" " ind2="0">
<subfield code="6">830-06/</subfield>
<subfield code="a">مكتبة التاريخية.</subfield>
</datafield>
<datafield tag="OWN" ind1=" " ind2=" ">
<subfield code="a">GENERAL</subfield>
</datafield>
<datafield tag="AVA" ind1=" " ind2=" ">
<subfield code="a">NYU50</subfield>
<subfield code="b">BOBST</subfield>
<subfield code="c">Main Collection</subfield>
<subfield code="d">D17 .M3 1967</subfield>
<subfield code="e">unavailable</subfield>
<subfield code="t">Unavailable</subfield>
<subfield code="f">1</subfield>
<subfield code="g">1</subfield>
<subfield code="h">N</subfield>
<subfield code="i">0</subfield>
<subfield code="j">MAIN</subfield>
<subfield code="k">0</subfield>
</datafield>
</record>
